<?xml version="1.0" encoding="UTF-8" ?>
<collection xmlns:xsi="http://www.w3.org/2001/XMLSchema-instance"
    xsi:schemaLocation="http://www.loc.gov/MARC21/slim
        http://www.loc.gov/standards/marcxml/schema/MARC21slim.xsd"
    xmlns="http://www.loc.gov/MARC21/slim">
<record>
  <leader>00302cam a2200601 ia4500</leader>
  <controlfield tag="001">b12393368</controlfield>
  <controlfield tag="003">LeBAU</controlfield>
  <controlfield tag="005">20180912</controlfield>
  <controlfield tag="008">970313s1936    ua       b    ||1 0bara d</controlfield>
  <datafield tag="035" ind1=" " ind2=" ">
    <subfield code="a">ocn784296244</subfield>
  </datafield>
  <datafield tag="040" ind1=" " ind2=" ">
    <subfield code="a">LEAUB</subfield>
    <subfield code="b">ara</subfield>
    <subfield code="e">rda</subfield>
    <subfield code="c">LEAUB</subfield>
    <subfield code="d">LEAUB</subfield>
  </datafield>
  <datafield tag="082" ind1="0" ind2="4">
    <subfield code="a">297.63</subfield>
    <subfield code="2">22</subfield>
  </datafield>
  <datafield tag="100" ind1="1" ind2=" ">
    <subfield code="6">880-01</subfield>
    <subfield code="a">Ibn Hishām, ʻAbd al-Malik,</subfield>
    <subfield code="d">-834,</subfield>
    <subfield code="e">author.</subfield>
  </datafield>
  <datafield tag="245" ind1="1" ind2="0">
    <subfield code="6">880-02</subfield>
    <subfield code="a">al-Sīrah al-Nabawīyah li-Ibn Hishām /</subfield>
    <subfield code="c">ḥaqqaqahā wa-ḍabaṭahā wa-sharaḥahā wa-waḍaʻa fahārisahā Muṣṭafá al-Saqqā, al-mudarris bi-Kullīyat al-Ādāb bi-al-Jāmiʻah al-Miṣrīyah, Ibrāhīm al-Ibyārī, al-muḥarrir bi-al-qism al-adabī bi-Dār al-Kutub al-Miṣrīyah, ʻAbd al-Ḥafīẓ Shalabī, al-muḥarrir bi-al-qism al-adabī bi-Dār al-Kutub al-Miṣrīyah.</subfield>
  </datafield>
  <datafield tag="264" ind1=" " ind2="1">
    <subfield code="6">880-03</subfield>
    <subfield code="a">Miṣr :</subfield>
    <subfield code="b">Maṭbaʻat Muṣṭafá al-Bābī al-Ḥalabī wa-Awlāduh,</subfield>
    <subfield code="c">1355 H. = 1936 M.</subfield>
  </datafield>
  <datafield tag="300" ind1=" " ind2=" ">
    <subfield code="6">880-04</subfield>
    <subfield code="a">4 volumes ;</subfield>
    <subfield code="c">24 cm</subfield>
  </datafield>
  <datafield tag="336" ind1=" " ind2=" ">
    <subfield code="a">text</subfield>
    <subfield code="b">txt</subfield>
    <subfield code="2">rdacontent</subfield>
  </datafield>
  <datafield tag="337" ind1=" " ind2=" ">
    <subfield code="a">unmediated</subfield>
    <subfield code="b">n</subfield>
    <subfield code="2">rdamedia</subfield>
  </datafield>
  <datafield tag="338" ind1=" " ind2=" ">
    <subfield code="a">volume</subfield>
    <subfield code="b">nc</subfield>
    <subfield code="2">rdacarrier</subfield>
  </datafield>
  <datafield tag="504" ind1=" " ind2=" ">
    <subfield code="a">يتضمن مراجع ببليوغرافية وكشافات.</subfield>
  </datafield>
  <datafield tag="541" ind1=" " ind2=" ">
    <subfield code="c">هبة؛</subfield>
    <subfield code="a">حسين محمود مكي؛</subfield>
    <subfield code="d">2014؛</subfield>
    <subfield code="3">مكتبة يافث النسخة 2.</subfield>
  </datafield>
  <datafield tag="600" ind1="0" ind2="4">
    <subfield code="a">محمد،</subfield>
    <subfield code="c">النبي،</subfield>
    <subfield code="d">-632</subfield>
    <subfield code="v">تراجم.</subfield>
  </datafield>
  <datafield tag="600" ind1="0" ind2="0">
    <subfield code="a">Muḥammad,</subfield>
    <subfield code="c">Prophet,</subfield>
    <subfield code="d">-632</subfield>
    <subfield code="v">Biography.</subfield>
  </datafield>
  <datafield tag="650" ind1=" " ind2="4">
    <subfield code="a">السيرة النبوية</subfield>
    <subfield code="v">اعمال قديمة حتى 1800.</subfield>
  </datafield>
  <datafield tag="650" ind1=" " ind2="0">
    <subfield code="a">Sīrah al-Nabawīyah</subfield>
    <subfield code="v">Early works to 1800.</subfield>
  </datafield>
  <datafield tag="700" ind1="1" ind2=" ">
    <subfield code="6">880-05</subfield>
    <subfield code="a">Saqqā, Muṣṭafá,</subfield>
    <subfield code="e">compiler.</subfield>
  </datafield>
  <datafield tag="700" ind1="1" ind2=" ">
    <subfield code="6">880-06</subfield>
    <subfield code="a">Ibyārī, Ibrāhīm,</subfield>
    <subfield code="e">compiler.</subfield>
  </datafield>
  <datafield tag="700" ind1="1" ind2=" ">
    <subfield code="6">880-07</subfield>
    <subfield code="a">Shalabī, ʻAbd al-Ḥafīẓ,</subfield>
    <subfield code="e">compiler.</subfield>
  </datafield>
  <datafield tag="775" ind1="0" ind2="8">
    <subfield code="6">880-08</subfield>
    <subfield code="i">has designation of edition</subfield>
    <subfield code="4">4http://rdaregistry.info/Elements/m/P30133 :</subfield>
    <subfield code="t">al-Sīrah al-Nabawīyah li-Ibn Hishām.</subfield>
    <subfield code="b">al-Ṭabʻah al-thānīyah.</subfield>
    <subfield code="d">Miṣr : Sharikat Maktabat wa-Maṭbaʻat Muṣṭafá al-Bābī al-Ḥalabī wa-Awlāduh, 1955</subfield>
    <subfield code="w">(OCoLC)784296253</subfield>
    <subfield code="w">(OCoLC)784296253</subfield>
  </datafield>
  <datafield tag="787" ind1="0" ind2="8">
    <subfield code="6">880-09</subfield>
    <subfield code="i">is abridged as (work)</subfield>
    <subfield code="4">http://rdaregistry.info/Elements/w/P10167 :</subfield>
    <subfield code="t">Tahdhīb sīrat ibn Hishām.</subfield>
    <subfield code="d">al-Qāhirah, Miṣr : Dār Saʻd Miṣr, 1374 H. = 1955 M.</subfield>
    <subfield code="w">(OCoLC)784296272</subfield>
    <subfield code="w">(OCoLC)784296272</subfield>
  </datafield>
  <datafield tag="852" ind1=" " ind2=" ">
    <subfield code="a">Jafet Library</subfield>
    <subfield code="e">American University of Beirut, Bliss Street , Beirut, Lebanon.</subfield>
  </datafield>
  <datafield tag="880" ind1="1" ind2=" ">
    <subfield code="6">100-01/(3/r</subfield>
    <subfield code="a">ابن هشام، عبد الملك،</subfield>
    <subfield code="d">-834،</subfield>
    <subfield code="e">مؤلف. </subfield>
    <subfield code="4">aut.</subfield>
  </datafield>
  <datafield tag="880" ind1="1" ind2="3">
    <subfield code="6">245-02/(3/r</subfield>
    <subfield code="a">السيرة النبوية لإبن هشام /</subfield>
    <subfield code="c">حققها وضبطها وشرحها ووضع فهارسها مصطفى السقا، المدرس بكلية الآداب بالجامعة المصرية، إبراهيم الإبياري، المحرر بالقسم الأدبي بدار الكتب المصرية، عبد الحفيظ شلبي، المحرر بالقسم الأدبي بدار الكتب المصرية.</subfield>
  </datafield>
  <datafield tag="880" ind1=" " ind2=" ">
    <subfield code="6">300-04/(3/r</subfield>
    <subfield code="a">4 أجزاء ؛</subfield>
    <subfield code="c">24 سم</subfield>
  </datafield>
  <datafield tag="880" ind1=" " ind2="1">
    <subfield code="6">264-03/(3/r</subfield>
    <subfield code="a">مصر :</subfield>
    <subfield code="b">مطبعة مصطفى البابي الحلبي وأولاده،</subfield>
    <subfield code="c">1355 هـ. = 1936 م.</subfield>
  </datafield>
  <datafield tag="880" ind1="1" ind2=" ">
    <subfield code="6">700-05/(3/r</subfield>
    <subfield code="a">السقا، مصطفى،</subfield>
    <subfield code="e">معد. </subfield>
    <subfield code="4">com.</subfield>
  </datafield>
  <datafield tag="880" ind1="1" ind2=" ">
    <subfield code="6">700-06/(3/r</subfield>
    <subfield code="a">الابياري، ابراهيم،</subfield>
    <subfield code="e">معد. </subfield>
    <subfield code="4">com.</subfield>
  </datafield>
  <datafield tag="880" ind1="1" ind2=" ">
    <subfield code="6">700-07/(3/r</subfield>
    <subfield code="a">شلبي، عبد الحفيظ،</subfield>
    <subfield code="e">معد. </subfield>
    <subfield code="4">com.</subfield>
  </datafield>
  <datafield tag="880" ind1="0" ind2="8">
    <subfield code="6">775-08/(3/r</subfield>
    <subfield code="i">دلالة على الطبعة</subfield>
    <subfield code="4">http://rdaregistry.info/Elements/m/P30133 :</subfield>
    <subfield code="t">السيرة النبوية لإبن هشام</subfield>
    <subfield code="b">الطبعة الثانية</subfield>
    <subfield code="d">مصر : شركة مكتبة ومطبعة مصطفى البابي الحلبي وأولاده، 1955</subfield>
    <subfield code="w">b12393447</subfield>
    <subfield code="w">(OCoLC)784296253</subfield>
  </datafield>
  <datafield tag="880" ind1="0" ind2="8">
    <subfield code="6">787-09/(3/r</subfield>
    <subfield code="i">مختصر ك (عمل)</subfield>
    <subfield code="4">http://rdaregistry.info/Elements/w/P10167 :</subfield>
    <subfield code="t">تهذيب سيرة إبن هشام.</subfield>
    <subfield code="d">القاهرة، مصر : دار سعد مصر، 1374 هـ. = 1955 م.</subfield>
    <subfield code="w">b12393587</subfield>
    <subfield code="w">(OCoLC)784296272</subfield>
  </datafield>
  <datafield tag="907" ind1=" " ind2=" ">
    <subfield code="a">.b12393368</subfield>
    <subfield code="b">18-09-18</subfield>
    <subfield code="c">11-05-24</subfield>
  </datafield>
  <datafield tag="907" ind1=" " ind2=" ">
    <subfield code="a">.b12393368</subfield>
    <subfield code="b">15-10-15</subfield>
    <subfield code="c">11-05-24</subfield>
  </datafield>
  <datafield tag="945" ind1=" " ind2=" ">
    <subfield code="f">J</subfield>
    <subfield code="a">297.63:I673siA:v.1:c.1</subfield>
    <subfield code="i">01012497</subfield>
    <subfield code="j">.i12853318</subfield>
    <subfield code="l">u0503</subfield>
  </datafield>
  <datafield tag="945" ind1=" " ind2=" ">
    <subfield code="f">J</subfield>
    <subfield code="a">297.63:I673siA:v.1:c.2*</subfield>
    <subfield code="i">01012499</subfield>
    <subfield code="j">.i1285332x</subfield>
    <subfield code="l">u0503</subfield>
  </datafield>
  <datafield tag="945" ind1=" " ind2=" ">
    <subfield code="f">J</subfield>
    <subfield code="a">297.63:I673siA:v.2:c.1</subfield>
    <subfield code="i">01012500</subfield>
    <subfield code="j">.i12853331</subfield>
    <subfield code="l">u0503</subfield>
  </datafield>
  <datafield tag="945" ind1=" " ind2=" ">
    <subfield code="f">J</subfield>
    <subfield code="a">297.63:I673siA:v.3:c.1</subfield>
    <subfield code="i">01012503</subfield>
    <subfield code="j">.i12853343</subfield>
    <subfield code="l">u0503</subfield>
  </datafield>
  <datafield tag="945" ind1=" " ind2=" ">
    <subfield code="f">J</subfield>
    <subfield code="a">297.63:I673siA:v.4:c.1</subfield>
    <subfield code="i">01012505</subfield>
    <subfield code="j">.i12853355</subfield>
    <subfield code="l">u0503</subfield>
  </datafield>
  <datafield tag="945" ind1=" " ind2=" ">
    <subfield code="f">J</subfield>
    <subfield code="a">297.63:I673siA:v.4:c.2*</subfield>
    <subfield code="i">01012506</subfield>
    <subfield code="j">.i12853367</subfield>
    <subfield code="l">u0503</subfield>
  </datafield>
  <datafield tag="945" ind1=" " ind2=" ">
    <subfield code="f">J</subfield>
    <subfield code="a">297.63:I673siA:v.1:c.2</subfield>
    <subfield code="i">00502377</subfield>
    <subfield code="j">.i19901938</subfield>
    <subfield code="l">u0503</subfield>
  </datafield>
  <datafield tag="945" ind1=" " ind2=" ">
    <subfield code="f">J</subfield>
    <subfield code="a">297.63:I673siA:v.2:c.2</subfield>
    <subfield code="i">00502378</subfield>
    <subfield code="j">.i1990194x</subfield>
    <subfield code="l">u0503</subfield>
  </datafield>
  <datafield tag="945" ind1=" " ind2=" ">
    <subfield code="f">J</subfield>
    <subfield code="a">297.63:I673siA:v.3:c.2</subfield>
    <subfield code="i">00502379</subfield>
    <subfield code="j">.i19901951</subfield>
    <subfield code="l">u0503</subfield>
  </datafield>
  <datafield tag="945" ind1=" " ind2=" ">
    <subfield code="f">J</subfield>
    <subfield code="a">297.63:I673siA:v.4:c.2</subfield>
    <subfield code="i">00502380</subfield>
    <subfield code="j">.i19901963</subfield>
    <subfield code="l">u0503</subfield>
  </datafield>
  <datafield tag="998" ind1=" " ind2=" ">
    <subfield code="a">u05</subfield>
    <subfield code="b">97-03-13</subfield>
    <subfield code="c">m</subfield>
    <subfield code="d">a  </subfield>
    <subfield code="e">-</subfield>
    <subfield code="f">ara</subfield>
    <subfield code="g">ua </subfield>
    <subfield code="h">0</subfield>
    <subfield code="i">6</subfield>
  </datafield>
</record>
</collection>
